@article{lee_palsetia_narayanan_patwary_agrawal_choudhary_2011, title={Twitter Trending Topic Classification}, DOI={10.1109/icdmw.2011.171}, journal={2011 IEEE 11th International Conference on Data Mining Workshops}, author={Lee, Kathy and Palsetia, Diana and Narayanan, Ramanathan and Patwary, Md. Mostofa Ali and Agrawal, Ankit and Choudhary, Alok}, year={2011}}